@book{PCA,
  title={On Lines and Planes of Closest Fit to Systems of Points in Space},
  author={Pearson, K.},
  year={1901},
  publisher={The London, Edinburgh, and Dublin Philosophical Magazine and Journal of Science}
}

@book{Pattern_recognition,
  title={Pattern recognition and machine learning},
  author={Christopher M. Bishop.},
  year={2009},
  publisher={Springer Science + Business Media, New York}
}

@book{PCA_book,
  title={Generalized Principal Component Analysis},
  author={R. Vidal and Yi Ma and S.S. Sastry},
  year={2016},
  publisher={Springer-Verlag New ,York}
}

@book{PCA_recent,
  title={Principal component analysis: a review and recent developments},
  author={I. T Jolliffe. and J. Cadima},
  year={2016},
  publisher={Phil. Trans. R. Soc. A 374: 20150202.}
}

@book{RPCA,
  title={Robust Principal Component Analysis?},
  author={Emmanuel J. Cand`es and Xiaodong Li and Yi Ma and John Wright},
  year={2009},
  publisher={Microsoft Research Asia, Beijing, China}
}

@book{LDA,
  title={The Use of Multiple Measurements in Taxonomic Problems}, 
  author={R. A. Fisher, Sc.D.},
  year={1936},
  publisher={IEEE Transactions on Biomedical Engineering .}
}

@book{multi_LDA,
  title={The Utilization of Multiple Measurements in Problems of Biological Classification},
  author={C. Radhakrishna Rao, Duckworth laboratory, Univesity Museum of Archaeology and Ethnology, Cambridge},
  year={1948},
  publisher={Journal of the Royal Statistical Society, Series B, Vol. 10, No. 2, pp. 159-203}
}

@book{LDA_recent,
  title={Linear discriminant analysis for the small sample size problem: an overview},
  author={A. Sharma and K. K. Paliwal},
  year={2014},
  publisher={International Journal of Machine Learning and Cybernetics, 6(3), 443–454. doi:10.1007/s13042-013-0226-9}
}

@book{blde-cnn,
  title={Spectral–Spatial Feature Extraction for Hyperspectral Image Classification: A Dimension Reduction and Deep Learning Approach}, 
  author={W. Zhao and S. Du.},
  year={2016},
  publisher={Transactions on geoscience and remote sensing, Vol. 54, No. 8 }
}

@book{cnn,
  title={Deep Feature Extraction and Classification of Hyperspectral Images Based on Convolutional Neural Networks},
  author={Y. Chen and H. Jiang and C. Li and X. Jia and P. Ghamisi.},
  year={2017},
  publisher={Transactions on geoscience and remote sensing.}
}

@book{cnn2,
  title={Spectral–Spatial Classification of Hyperspectral Imagery with 3D Convolutional Neural Network},
  author={Y. Li and H. Zhang and Q. Shen.},
  year={2017},
  publisher={Remote Sensing, Vol. 9}
}

@book{cnn3,
  title={Deep Pyramidal Residual Networks for Spectral–Spatial Hyperspectral Image Classification},
  author={M. E. Paoletti and J. M. Haut and R. Fernandez-Beltran and J. Plaza and A. J. Plaza and Fellow and F. Pla.},
  year={2018},
  publisher={Transactions on geoscience and remote sensing.}
}

@book{cnn4,
  title={A Novel Deep Neural Network for Spectral–Spatial Classification of Hyperspectral Data},
  author={N. Li and C. Wang and H. Zhao and X. Gong and D. Wang.},
  year={2018},
  publisher={The International Archives of the Photogrammetry, Remote Sensing and Spatial Information Sciences, Vol. XLII-3}
}

@book{propagation-filter,
  title={Spectral-Spatial Feature Extraction of Hyperspectral Images Based on Propagation Filter},
  author={Z. Chen and J. Jiang and X. Jiang and X. Fang and Z. Cai.},
  year={2018},
  publisher={Sensors. Vol. 18}
}

@book{Goodfellow-et-al-2016,
    title={Deep Learning},
    author={Ian Goodfellow and Yoshua Bengio and Aaron Courville},
    publisher={MIT Press},
    note={\url{http://www.deeplearningbook.org}},
    year={2016}
}

@book{no-free-lunch,
   title={No Free Lunch Theorems for Optimization},
   author={David H. Wolpert and William G. Macready},
   year={1997},
   publisher={Evolutionary computation, vol. 1, No. 1}
}

@book{alppaydin,
   title={Introduction to Machine Learning},
   author={Ethem Alpaydın},
   year={2010},
   publisher={The MIT Press}
}

@book{demsar,
   title={Statistical Comparisons of Classifiers over Multiple Data Sets},
   author={Janez Demsar},
   publisher={Journal of Machine Learning Research},
   year={2006},
}


# datasets
@misc{afifi2017afif4,
  title={AFIF4: Deep Gender Classification based on AdaBoost-based Fusion of Isolated Facial Features and Foggy Faces},
  author={Afifi, Mahmoud and Abdelhamed, Abdelrahman},
  journal={arXiv preprint arXiv:1706.04277},
  year={2017},
  note={Specs on Faces},
  howpublished = "\url{https://sites.google.com/view/sof-dataset}"
}

@misc{JAFFE,
   title={Coding Facial Expressions with Gabor Wavelets},
   author={Michael J. Lyons and Shigeru Akemastu and Miyuki Kamachi and Jiro Gyoba},
   publisher={Automatic Face and Gesture Recognition},
   year={1998},
   howpublished = "\url{http://www.kasrl.org/jaffedb_info.html}"
}

@misc{CaltechFaces,
   title={Frontal face dataset},
   author={Markus Weber},
   publisher={California Institute of Technology},
   howpublished = "\url{http://www.vision.caltech.edu/html-files/archive.html}"
}

@misc{georgia_tech_face_database,
   title={Georgia tech face database},
   author={Center for Signal and Image Processing},
   year={1999},
   publisher={Georgia Institute of Technology},
   howpublished = "\url{http://www.anefian.com/research/face_reco.htm}",
}

@misc{VidTIMIT,
   title={Multi-Region Probabilistic Histograms for Robust and Scalable Identity Inference},
   author={C. Sanderson and B.C. Lovell},
   publisher={Lecture Notes in Computer Science},
   year={2009},
   howpublished="\url{http://conradsanderson.id.au/vidtimit/#downloads}"
}

@misc{UMist-Faces,
   title={Characterizing Virtual Eigensignatures for General Purpose Face Recognition},
   author={H. Wechsler and P. J. Phillips and V. Bruce, F and Fogelman-Soulie and T. S. Huang},
   publisher={Computer and Systems Sciences},
   howpublished = "\url{https://cs.nyu.edu/~roweis/data/umist_cropped.jpg}",
   year={1998}
}

@misc{Stirling_faces,
   title={Stirling faces},
   author={Peter Hancock},
   publisher={University of Stirling},
   howpublished = "\url{http://pics.psych.stir.ac.uk/2D_face_sets.htm}",
}

@misc{Milborrow10,
  author={S. Milborrow and J. Morkel and F. Nicolls},
  title={The MUCT Landmarked Face Database},
  publisher={Pattern Recognition Association of South Africa},
  howpublished = "\url{https://github.com/StephenMilborrow/muct}",
  year={2010}
}

@misc{yale,
   author={P. N. Bellhumer and J. Hespanha and D. Kriegman},
   title = {Eigenfaces vs fisherfaces: Recognition using class specific linear projection},
   publisher={Pattern Analysis and Machine Intelligence},
   year={1997},
   howpublished = "\url{http://vismod.media.mit.edu/vismod/classes/mas622-00/datasets/}"
}

@misc{TheDatabaseOfFaces,
   author={Ferdinando Samaria and Andy Harter},
   title = {Parameterisation of a Stochastic Model for Human Face Identification},
   publisher={Applications of Computer Vision},
   year = {1994},
   note = {AT\&T The Database of Faces (formerly "The ORL Database of Faces")},
   howpublished = "\url{https://www.cl.cam.ac.uk/research/dtg/attarchive/facedatabase.html}"
}

@misc{FaceRecognitionDatabase,
   author={B. Weyrauch and J. Huang and B. Heisele and V. Blanz.},
   title={Component-based Face Recognition with 3D Morphable Models}, 
   publisher={Face Processing in Video},
   year={2004},
   note={Credit is hereby given to the Massachusetts Institute of Technology and to the Center for Biological and Computational Learning for providing the database of facial images.},
   howpublished = "\url{http://cbcl.mit.edu/software-datasets/heisele/facerecognition-database.html}"
}

@misc{essex,
  author={Libor Spacek},
  title={Face Recognition Data},
  publisher={University of Essex},
  howpublished = "\url{https://cswww.essex.ac.uk/mv/allfaces/index.html}"
}